@Manual{R-base,
    title = {R: A Language and Environment for Statistical Computing},
    author = {{R Core Team}},
    organization = {R Foundation for Statistical Computing},
    address = {Vienna, Austria},
    year = {2021},
    url = {https://www.R-project.org/},
}
@Manual{R-papaja,
    author = {Frederik Aust and Marius Barth},
    title = {{papaja}: {Create} {APA} manuscripts with {R Markdown}},
    year = {2020},
    note = {R package version 0.1.0.9997},
    url = {https://github.com/crsh/papaja},
}
@Manual{R-compute.es,
    title = {compute.es: Compute Effect Sizes},
    author = {A. C. Del Re},
    journal = {R Package},
    year = {2013},
    url = {https://cran.r-project.org/package=compute.es},
}

@Manual{R-kableExtra,
  title = {kableExtra: Construct Complex Table with 'kable' and Pipe Syntax},
  author = {Hao Zhu},
  year = {2021},
  note = {R package version 1.3.4},
  url = {https://CRAN.R-project.org/package=kableExtra},
}
@Article{R-tidyverse,
  title = {Welcome to the {tidyverse}},
  author = {Hadley Wickham and Mara Averick and Jennifer Bryan and Winston Chang and Lucy D'Agostino McGowan and Romain François and Garrett Grolemund and Alex Hayes and Lionel Henry and Jim Hester and Max Kuhn and Thomas Lin Pedersen and Evan Miller and Stephan Milton Bache and Kirill Müller and Jeroen Ooms and David Robinson and Dana Paige Seidel and Vitalie Spinu and Kohske Takahashi and Davis Vaughan and Claus Wilke and Kara Woo and Hiroaki Yutani},
  year = {2019},
  journal = {Journal of Open Source Software},
  volume = {4},
  number = {43},
  pages = {1686},
  doi = {10.21105/joss.01686},
}

@Manual{R-lemon,
    title = {lemon: Freshing Up your 'ggplot2' Plots},
    author = {Stefan McKinnon Edwards},
    year = {2020},
    note = {R package version 0.4.5},
    url = {https://CRAN.R-project.org/package=lemon},
  }

@Manual{R-scales,
    title = {scales: Scale Functions for Visualization},
    author = {Hadley Wickham and Dana Seidel},
    year = {2020},
    note = {R package version 1.1.1},
    url = {https://CRAN.R-project.org/package=scales},
  }

@Manual{R-RColorBrewer,
    title = {RColorBrewer: ColorBrewer Palettes},
    author = {Erich Neuwirth},
    year = {2014},
    note = {R package version 1.1-2},
    url = {https://CRAN.R-project.org/package=RColorBrewer},
  }

@Manual{R-daff,
    title = {daff: Diff, Patch and Merge for Data.frames},
    author = {Paul Fitzpatrick and Edwin {de Jonge} and Gregory R. Warnes},
    year = {2019},
    note = {R package version 0.3.5},
    url = {https://CRAN.R-project.org/package=daff},
  }

@Manual{R-lsr,
    title = {Learning statistics with R: A tutorial for psychology students and other beginners. (Version 0.5)},
    author = {Daniel Navarro},
    organization = {University of Adelaide},
    address = {Adelaide, Australia},
    year = {2015},
    note = {R package version 0.5},
    url = {http://ua.edu.au/ccs/teaching/lsr},
  }

@Manual{R-gridGraphics,
    title = {gridGraphics: Redraw Base Graphics Using 'grid' Graphics},
    author = {Paul Murrell and Zhijian Wen},
    year = {2020},
    note = {R package version 0.5-1},
    url = {https://CRAN.R-project.org/package=gridGraphics},
  }

@Manual{R-faux,
    title = {faux: Simulation for Factorial Designs},
    author = {Lisa DeBruine},
    doi = {10.5281/zenodo.2669586},
    publisher = {Zenodo},
    year = {2021},
    note = {R package version 1.1.0},
    url = {https://debruine.github.io/faux/},
  }

