
@article{brown2017,
	title = {The GRIM Test: A Simple Technique Detects Numerous Anomalies in the Reporting of Results in Psychology},
	author = {{Brown}, {Nicholas J. L.} and {Heathers}, {James A. J.}},
	year = {2017},
	month = {05},
	date = {2017-05-01},
	journal = {Social Psychological and Personality Science},
	pages = {363--369},
	volume = {8},
	number = {4},
	doi = {10.1177/1948550616673876},
	url = {https://doi.org/10.1177/1948550616673876},
	note = {Publisher: SAGE Publications Inc},
	langid = {en}
}

@article{vanderzee2017,
	title = {Statistical heartburn: an attempt to digest four pizza publications from the Cornell Food and Brand Lab},
	author = {{van der Zee}, {Tim} and {Anaya}, {Jordan} and {Brown}, {Nicholas J. L.}},
	year = {2017},
	month = {07},
	date = {2017-07-10},
	journal = {BMC Nutrition},
	pages = {54},
	volume = {3},
	number = {1},
	doi = {10.1186/s40795-017-0167-x},
	url = {https://doi.org/10.1186/s40795-017-0167-x}
}

@article{bakker2011,
	title = {The (mis)reporting of statistical results in psychology journals},
	author = {{Bakker}, {Marjan} and {Wicherts}, {Jelte M.}},
	year = {2011},
	month = {09},
	date = {2011-09-01},
	journal = {Behavior Research Methods},
	pages = {666--678},
	volume = {43},
	number = {3},
	doi = {10.3758/s13428-011-0089-5},
	url = {https://doi.org/10.3758/s13428-011-0089-5},
	langid = {en}
}

@article{munafo2017,
	title = {A manifesto for reproducible science},
	author = {{Munafò}, {Marcus R.} and {Nosek}, {Brian A.} and {Bishop}, {Dorothy V. M.} and {Button}, {Katherine S.} and {Chambers}, {Christopher D.} and {Percie du Sert}, {Nathalie} and {Simonsohn}, {Uri} and {Wagenmakers}, {Eric-Jan} and {Ware}, {Jennifer J.} and {Ioannidis}, {John P. A.}},
	year = {2017},
	month = {01},
	date = {2017-01-10},
	journal = {Nature Human Behaviour},
	pages = {1--9},
	volume = {1},
	number = {1},
	doi = {10.1038/s41562-016-0021},
	url = {https://www.nature.com/articles/s41562-016-0021},
	note = {Bandiera{\_}abtest: a
Cc{\_}license{\_}type: cc{\_}by
Cg{\_}type: Nature Research Journals
Number: 1
Primary{\_}atype: Reviews
Publisher: Nature Publishing Group
Subject{\_}term: Social sciences
Subject{\_}term{\_}id: social-sciences},
	langid = {en}
}

@article{lola2012,
	title = {The Effect of Implicit and Explicit Practice in the Development of Decision Making in Volleyball Serving},
	author = {{Lola}, {Afroditi C.} and {Tzetzis}, {George C.} and {Zetou}, {Helen}},
	year = {2012},
	month = {04},
	date = {2012-04-01},
	journal = {Perceptual and Motor Skills},
	pages = {665--678},
	volume = {114},
	number = {2},
	doi = {10.2466/05.23.25.PMS.114.2.665-678},
	url = {https://doi.org/10.2466/05.23.25.PMS.114.2.665-678},
	note = {Publisher: SAGE Publications Inc},
	langid = {en}
}

@article{lola2020,
	title = {Analogy versus explicit and implicit learning of a volleyball skill for novices: the effect on motor performance and self-efficacy},
	author = {{Lola}, {Afroditi C.} and {Tzetzis}, {George C.}},
	year = {2020},
	date = {2020},
	journal = {Journal of Physical Education and Sport},
	pages = {2478--2486},
	volume = {20},
	number = {5},
	url = {https://www.cabdirect.org/cabdirect/abstract/20203562097},
	note = {Publisher: University of Pitesti},
	langid = {English}
}

@article{lola2021,
	title = {The effect of explicit, implicit and analogy instruction on decision making skill for novices, under stress},
	author = {{Lola}, {Afroditi C.} and {Tzetzis}, {George C.}},
	year = {2021},
	month = {01},
	date = {2021-01-28},
	journal = {International Journal of Sport and Exercise Psychology},
	pages = {1--21},
	volume = {0},
	number = {0},
	doi = {10.1080/1612197X.2021.1877325},
	url = {https://doi.org/10.1080/1612197X.2021.1877325},
	note = {Publisher: Routledge
{\_}eprint: https://doi.org/10.1080/1612197X.2021.1877325}
}

@article{tzetzis2010,
	title = {The role of implicit, explicit instruction and their combination in learning anticipation skill under normal and stress conditions},
	author = {{Tzetzis}, {George C.} and {Lola}, {Afroditi C.}},
	year = {2010},
	date = {2010},
	journal = {International Journal of Sport Sciences and Physical Education},
	pages = {54--59},
	volume = {1},
	langid = {English}
}

@article{tzetzis2015,
	title = {The effect of analogy, implicit, and explicit learning on anticipation in volleyball serving},
	author = {{Tzetzis}, {George C.} and {Lola}, {Afroditi C.}},
	year = {2015},
	date = {2015},
	journal = {International Journal of Sport Psychology},
	pages = {152--166},
	volume = {46},
	number = {2},
	doi = {10.7352/IJSP.2015.46.152},
	url = {https://doi.org/10.7352/IJSP.2015.46.152},
}

@article{tsorbatzoudis1998,
	title = {A Test of the Reliability and Factorial Validity of the Greek Version of the CSAI-2},
	author = {{Tsorbatzoudis}, {Haralambos} and {Barkoukis}, {Vassilis} and {Kaissidis-Rodafinos}, {Angelos} and {Grouios}, {George}},
	year = {1998},
	month = {12},
	date = {1998-12-01},
	journal = {Research Quarterly for Exercise and Sport},
	pages = {416--419},
	volume = {69},
	number = {4},
	doi = {10.1080/02701367.1998.10607717},
	url = {https://doi.org/10.1080/02701367.1998.10607717},
	note = {Publisher: Routledge
{\_}eprint: https://doi.org/10.1080/02701367.1998.10607717
PMID: 9864761}
}

@techreport{anaya2016,
	title = {The GRIMMER test: A method for testing the validity of reported measures of variability},
	author = {{Anaya}, {Jordan}},
	year = {2016},
	month = {08},
	date = {2016-08-29},
	doi = {10.7287/peerj.preprints.2400v1},
	url = {https://peerj.com/preprints/2400},
	note = {ISSN: 2167-9843
DOI: 10.7287/peerj.preprints.2400v1},
	langid = {en}
}

@article{cohen1962,
	title = {The statistical power of abnormal-social psychological research: a review},
	author = {{Cohen}, {Jacob}},
	year = {1962},
	month = {09},
	date = {1962-09},
	journal = {Journal of Abnormal and Social Psychology},
	pages = {145--153},
	volume = {65},
	doi = {10.1037/h0045186},
	note = {PMID: 13880271},
	langid = {eng}
}

@article{lovakov2021,
	title = {Empirically derived guidelines for effect size interpretation in social psychology},
	author = {{Lovakov}, {Andrey} and {Agadullina}, {Elena R.}},
	journal = {European Journal of Social Psychology},
	date = {2021},
	volume = {00},
	pages = {1--20},
	doi = {10.1002/ejsp.2752},
	url = {https://onlinelibrary.wiley.com/doi/abs/10.1002/ejsp.2752},
	note = {{\_}eprint: https://onlinelibrary.wiley.com/doi/pdf/10.1002/ejsp.2752},
	langid = {en}
}

@article{lakens2013,
	title = {Calculating and reporting effect sizes to facilitate cumulative science: a practical primer for t-tests and ANOVAs},
	author = {{Lakens}, {Daniel}},
	year = {2013},
	date = {2013},
	journal = {Frontiers in Psychology},
	volume = {4},
	doi = {10.3389/fpsyg.2013.00863},
	url = {https://www.frontiersin.org/articles/10.3389/fpsyg.2013.00863/full},
	note = {Publisher: Frontiers},
	langid = {English}
}

@book{cohen1988,
	title = {Statistical Power Analysis for the Behavioral Sciences},
	author = {{Cohen}, {Jacob}},
	year = {1988},
	month = {07},
	date = {1988-07-01},
	publisher = {Routledge},
	edition = {2},
	doi = {10.4324/9780203771587},
	note = {DOI: 10.4324/9780203771587},
	address = {New York}
}

@article{nuijten2016,
	title = {The prevalence of statistical reporting errors in psychology (1985{\textendash}2013)},
	author = {{Nuijten}, {Michèle B.} and {Hartgerink}, {Chris H. J.} and {van Assen}, {Marcel A. L. M.} and {Epskamp}, {Sacha} and {Wicherts}, {Jelte M.}},
	year = {2016},
	month = {12},
	date = {2016-12-01},
	journal = {Behavior Research Methods},
	pages = {1205--1226},
	volume = {48},
	number = {4},
	doi = {10.3758/s13428-015-0664-2},
	url = {https://doi.org/10.3758/s13428-015-0664-2},
	langid = {en}
}

@misc{gray2021,
	title = {The effect of explicit, implicit and analogy instruction on decision making skill for novices, under stress},
	booktitle = {Twitter},
	author = {{Gray}, {Rob} {[@ShakeyWaits]}},
	month = {February},
	year = {2021},
	date = {2021-02-10},
	howpublished = {[Tweet; Thumbnail link to article]. Twitter. \url{https://twitter.com/ShakeyWaits/status/1359501377073012736}},
	note = {Accessed: 2021-2-10}
}


@article{thompson2007,
	title = {Effect sizes, confidence intervals, and confidence intervals for effect sizes},
	author = {{Thompson}, {Bruce}},
	year = {2007},
	date = {2007},
	journal = {Psychology in the Schools},
	pages = {423--432},
	volume = {44},
	number = {5},
	doi = {10.1002/pits.20234},
	url = {https://onlinelibrary.wiley.com/doi/abs/10.1002/pits.20234},
	note = {{\_}eprint: https://onlinelibrary.wiley.com/doi/pdf/10.1002/pits.20234},
	langid = {en}
}

@article{lakens2013,
	title = {Calculating and reporting effect sizes to facilitate cumulative science: a practical primer for t-tests and ANOVAs},
	author = {{Lakens}, {Daniel}},
	year = {2013},
	date = {2013},
	journal = {Frontiers in Psychology},
	volume = {4},
	doi = {10.3389/fpsyg.2013.00863},
	url = {https://www.frontiersin.org/articles/10.3389/fpsyg.2013.00863/full},
	note = {Publisher: Frontiers},
	langid = {English}
}

@book{field2016,
	title = {An adventure in statistics: the reality enigma},
	author = {{Field}, {Andy P}},
	year = {2016},
	date = {2016},
	note = {OCLC: 946770446},
	langid = {English}
}

@article{correll2020,
	title = {Avoid Cohen{\textquoteright}s {\textquoteleft}Small{\textquoteright}, {\textquoteleft}Medium{\textquoteright}, and {\textquoteleft}Large{\textquoteright} for Power Analysis},
	author = {{Correll}, {Joshua} and {Mellinger}, {Christopher} and {McClelland}, {Gary H.} and {Judd}, {Charles M.}},
	year = {2020},
	month = {03},
	date = {2020-03-01},
	journal = {Trends in Cognitive Sciences},
	pages = {200--207},
	volume = {24},
	number = {3},
	doi = {10.1016/j.tics.2019.12.009},
	url = {https://www.cell.com/trends/cognitive-sciences/abstract/S1364-6613(19)30297-9},
	note = {Publisher: Elsevier
PMID: 31954629},
	langid = {English}
}


@article{reeve1994,
	title = {Using One-Dimensional Task Error Measures to Assess Performance on Two-Dimensional Tasks: Comment on 'Attentional Control, Distractors, and Motor Performance'},
	author = {{Reeve}, {T. Gilmour} and {Fischman}, {Mark G.} and {Christina}, {Robert W.} and {Cauraugh}, {James H.}},
	year = {1994},
	month = {12},
	date = {1994-12-01},
	journal = {Human Performance},
	pages = {315--319},
	volume = {7},
	number = {4},
	doi = {10.1207/s15327043hup0704_6},
	url = {https://doi.org/10.1207/s15327043hup0704_6},
	note = {Publisher: Routledge
{\_}eprint: https://doi.org/10.1207/s15327043hup0704{\_}6}
}

@article{hancock1995,
	title = {On the Problem of Two-Dimensional Error Scores: Measures and Analyses of Accuracy, Bias, and Consistency},
	author = {{Hancock}, {Gregory R.} and {Butler}, {Michael S.} and {Fischman}, {Mark G.}},
	year = {1995},
	month = {09},
	date = {1995-09-01},
	journal = {Journal of Motor Behavior},
	pages = {241--250},
	volume = {27},
	number = {3},
	doi = {10.1080/00222895.1995.9941714},
	url = {https://doi.org/10.1080/00222895.1995.9941714},
	note = {Publisher: Routledge
{\_}eprint: https://doi.org/10.1080/00222895.1995.9941714
PMID: 12529235}
}

@article{fischman2015,
	title = {On the continuing problem of inappropriate learning measures: Comment on Wulf et al. (2014) and Wulf et al. (2015)},
	author = {{Fischman}, {Mark G.}},
	year = {2015},
	month = {08},
	date = {2015-08-01},
	journal = {Human Movement Science},
	pages = {225--231},
	volume = {42},
	doi = {10.1016/j.humov.2015.05.011},
	url = {https://www.sciencedirect.com/science/article/pii/S0167945715000950},
	langid = {en}
}

@article{lola2021b,
	title = {The influence of analogies on the development of selective attention in novices in normal or stressful conditions},
	author = {{Lola}, {Afroditi C.} and {Giatis}, {George} and {Pérez-Turpin}, {Jose, A.} and  {Tzetzis}, {George C.}},
	year = {2021},
	month = {09},
	date = {2021-09-03},
	journal = {Journal of Human Sport and Exercise},
	pages = {1--14},
	volume = {in press},
	number = {0},
	doi = {10.14198/jhse.2023.181.12},
	url = {https://doi.org/10.14198/jhse.2023.181.12},
	note = {Universidad de Alicante}
}